<record><leader>02488nam a2200445 i 4500</leader><controlfield tag="001">6799299</controlfield><controlfield tag="003">StDuBDS</controlfield><controlfield tag="005">20150113143006.0</controlfield><controlfield tag="006">m||||||||d||||||||</controlfield><controlfield tag="007">cr |||||||||||</controlfield><controlfield tag="008">140501s2015    ii     fo|    001|0|eng|d</controlfield><datafield ind1=" " ind2=" " tag="020"><subfield code="a">9780199084999 (ebook) :</subfield><subfield code="c">No price</subfield></datafield><datafield ind1=" " ind2=" " tag="035"><subfield code="a">ocn900727812</subfield></datafield><datafield ind1=" " ind2=" " tag="039"><subfield code="a">exclude</subfield></datafield><datafield ind1=" " ind2=" " tag="040"><subfield code="a">StDuBDS</subfield><subfield code="b">eng</subfield><subfield code="c">StDuBDS</subfield><subfield code="e">rda</subfield><subfield code="e">pn</subfield><subfield code="d">AEU</subfield></datafield><datafield ind1=" " ind2="4" tag="050"><subfield code="a">GF13.3</subfield></datafield><datafield ind1="0" ind2="4" tag="082"><subfield code="a">304.20954</subfield><subfield code="2">23</subfield></datafield><datafield ind1=" " ind2=" " tag="090"><subfield code="a">Internet Access</subfield><subfield code="b">AEU</subfield></datafield><datafield ind1=" " ind2=" " tag="090"><subfield code="a">Internet Access</subfield><subfield code="b">AEGMCT</subfield></datafield><datafield ind1="0" ind2="0" tag="245"><subfield code="a">Shifting ground :</subfield><subfield code="b">people, animals, and mobility in India's envrionmental history /</subfield><subfield code="c">Mahesh Rangarajan and K. Sivaramakrishnan.</subfield></datafield><datafield ind1=" " ind2="1" tag="264"><subfield code="a">New Delhi :</subfield><subfield code="b">Oxford University Press,</subfield><subfield code="c">2015.</subfield></datafield><datafield ind1=" " ind2=" " tag="300"><subfield code="a">1 online resource</subfield></datafield><datafield ind1=" " ind2=" " tag="336"><subfield code="a">text</subfield><subfield code="2">rdacontent</subfield></datafield><datafield ind1=" " ind2=" " tag="337"><subfield code="a">computer</subfield><subfield code="2">rdamedia</subfield></datafield><datafield ind1=" " ind2=" " tag="338"><subfield code="a">online resource</subfield><subfield code="2">rdacarrier</subfield></datafield><datafield ind1=" " ind2=" " tag="504"><subfield code="a">Includes bibliographical references and index.</subfield></datafield><datafield ind1=" " ind2=" " tag="506"><subfield code="a">Access restricted to authorized users and institutions.</subfield></datafield><datafield ind1="8" ind2=" " tag="520"><subfield code="a">'Shifting Ground' brings together an array of essays that pose critical questions regarding India's environmental past and the way it has been approached by scholars. From debunking the idea of a primeval, pristine forest cover, to analysing the dynamics that shape human-animal relations, to examining the conflicts created by post-Independence projects of rural development and conservation - this volume touches upon the various aspects of environmental studies and juxtaposes them with social history, history of science and technology, and history of trade and culture.</subfield></datafield><datafield ind1=" " ind2=" " tag="588"><subfield code="a">Description based on online resource; title from home page (viewed on January 13, 2015).</subfield></datafield><datafield ind1=" " ind2=" " tag="596"><subfield code="a">44 57</subfield></datafield><datafield ind1=" " ind2="0" tag="650"><subfield code="a">Human ecology</subfield><subfield code="z">India</subfield><subfield code="x">History.</subfield></datafield><datafield ind1=" " ind2="0" tag="650"><subfield code="a">Nature</subfield><subfield code="x">Effect of human beings on</subfield><subfield code="z">India</subfield><subfield code="x">History.</subfield></datafield><datafield ind1=" " ind2="0" tag="650"><subfield code="a">India</subfield><subfield code="x">Environmental conditions.</subfield></datafield><datafield ind1="1" ind2=" " tag="700"><subfield code="a">Rangarajan, Mahesh,</subfield><subfield code="e">editor.</subfield></datafield><datafield ind1="1" ind2=" " tag="700"><subfield code="a">Sivaramakrishnan, K.,</subfield><subfield code="d">1957-</subfield><subfield code="e">editor.</subfield></datafield><datafield ind1="4" ind2="0" tag="856"><subfield code="3">University of Alberta Access</subfield><subfield code="u">http://dx.doi.org/10.1093/acprof:oso/9780198098959.001.0001</subfield><subfield code="z">(Unlimited Concurrent Users)</subfield></datafield><datafield ind1="4" ind2="0" tag="856"><subfield code="3">MacEwan University Access</subfield><subfield code="u">http://dx.doi.org/10.1093/acprof:oso/9780198098959.001.0001</subfield><subfield code="z">(Unlimited Concurrent Users)</subfield></datafield><datafield ind1=" " ind2=" " tag="949"><subfield code="h">UAIN</subfield><subfield code="z">UPSO</subfield></datafield><datafield ind1=" " ind2=" " tag="926"><subfield code="a">Internet Access</subfield><subfield code="w">LC</subfield><subfield code="c">1</subfield><subfield code="i">6799299-1001</subfield><subfield code="l">INTERNET</subfield><subfield code="m">GR_MAC_INT</subfield><subfield code="r">Y</subfield><subfield code="s">Y</subfield><subfield code="t">E-RESOURCE</subfield><subfield code="u">2/4/2015</subfield><subfield code="x">E-BOOK</subfield><subfield code="z">OSOGM</subfield></datafield><datafield ind1=" " ind2=" " tag="926"><subfield code="a">Internet Access</subfield><subfield code="w">LC</subfield><subfield code="c">1</subfield><subfield code="i">6799299-2001</subfield><subfield code="l">INTERNET</subfield><subfield code="m">UAINTERNET</subfield><subfield code="r">Y</subfield><subfield code="s">Y</subfield><subfield code="t">E-RESOURCE</subfield><subfield code="u">2/6/2015</subfield><subfield code="x">E-BOOK</subfield><subfield code="z">UPSO</subfield></datafield></record>